@article{LarmanC,
    author  = "Larman C. and Basili V.R.",
    title   = "Iterative and Incremental Development: A Brief History",
    year    = "2003",
    journal = "Computer",
    volume  = "36",
    number  = "6",
    pages   = "47-56"
}
%texbook
@misc{agileManifest,
  title = {Основополагающие принципы Agile-манифеста},
  author = {Agile Alliance},
  note = {\url{http://agilemanifesto.org/iso/ru/principles.html}, visited 2018-01-10}
}
@article{InfoSysImplementation,
  author = {Гудков Е.А and Деревнина А.М and Катасонова Н.С.},
  title = {Анализ каскадной, итерационной и спиралевидной модели
  внедрения корпоративных информационных систем},
  year = {2018},
  journal = { Корпоративные информационные системы},
  volume = {1},
  pages = {16-27},
  note = {\url{http://corpinfosys.ru/archive/issue-1/48-2018-1-models}}
}
@book{AgilePrinciples,
  author = {Стеллман Э. and Грин Д.},
  year = {2018},
  title = {Постигая Agile. Ценности, принципы, методологии},
  publisher = {МИФ: Манн, Иванов и Фербер},
  page = {448}
}
@misc{ScrumSap,
  title = {Применение Scrum-подходов в проектах SAP},
  author = {SapLand},
  note = {\url{https://edu.sapland.ru/master-classes/vesennyaya-sessiya-master-klassov-sapland-1753577898/primenenie-scrum-podhodov-v-proektah-sap/}, visited 2018-01-10}
}
